<?xml version="1.0" encoding="UTF-8"?><collection xmlns="http://www.loc.gov/MARC21/slim"><record><leader>00403nam--2200145-i-4500</leader><controlfield tag="001">000034018</controlfield><controlfield tag="002">20161230</controlfield><controlfield tag="005">20161230201039</controlfield><controlfield tag="008">060222s1000------------r-----000-0-eng-d</controlfield><datafield ind1=" " ind2=" " tag="080"><subfield code="a">621.3.049.77.006.2</subfield></datafield><datafield ind1=" " ind2=" " tag="100"><subfield code="a">Moschytz, George S</subfield></datafield><datafield ind1=" " ind2=" " tag="245"><subfield code="a">Linear integrated networks design</subfield></datafield><datafield ind1=" " ind2=" " tag="260"><subfield code="a">New York, Van Nostrand Reinhold Co., 1975, Xvii + 694p</subfield></datafield><datafield ind1=" " ind2=" " tag="490"><subfield code="a">Bell Laboratories Series</subfield></datafield><datafield ind1=" " ind2=" " tag="852"><subfield code="a">45588</subfield></datafield></record></collection>